@article{moreau2008open,
  title={The open provenance model: An overview},
  author={Moreau, L. and Freire, J. and Futrelle, J. and McGrath, R. and Myers, J. and Paulson, P.},
  journal={Provenance and Annotation of Data and Processes},
  pages={323--326},
  year={2008},
  publisher={Springer}
}

@article{yu2005taxonomy,
    title={A taxonomy of scientific workflow systems for grid computing},
    author={Yu, J. and Buyya, R.},
    journal={Sigmod Record},
    volume={34},
    number={3},
    pages={44},
    year={2005},
    publisher={Association for Computing Machinery; 1999}
}

@inproceedings{leff2001web,
    title={Web-application development using the model/view/controller design pattern},
    author={Leff, A. and Rayfield, J.T.},
    booktitle={Enterprise Distributed Object Computing Conference, 2001. EDOC'01. Proceedings. Fifth IEEE International},
    pages={118--127},
    year={2001},
    organization={IEEE}
}

@article{muller1993participatory,
    title={Participatory design},
    author={Muller, M.J. and Kuhn, S.},
    journal={Communications of the ACM},
    volume={36},
    number={6},
    pages={24--28},
    year={1993},
    publisher={ACM}
}

@inproceedings{muller1991pictive,
    title={PICTIVEâ€”an exploration in participatory design},
    author={Muller, M.J.},
    booktitle={Proceedings of the SIGCHI conference on Human factors in computing systems: Reaching through technology},
    pages={225--231},
    year={1991},
    organization={ACM}
}


